@manual{Model_TCP_IP,
    title = {Model TCP/IP oraz ISO/OSI},
    author = {Damian Stelmach},
    url = {https://pasja-informatyki.pl/sieci-komputerowe/model-tcp-ip-iso-osi/},
}

@techreport{USB20,
    author = {Compaq and Hewlett-Packard and Intel and Lucent and Microsoft and NEC and Philips},
    title = {Universal Serial Bus Specification},
    year = {2000},
    url = {https://wcours.gel.ulaval.ca/GIF1001/docs/USB_20.pdf}
}

@article{WiFi,
    journal = {Wikipedia},
    title = {IEEE 802.11},
    url = {https://en.wikipedia.org/wiki/IEEE_802.11}
}